@inbook{book,
    author = {Ross, Mike},
    year = {2021},
    month = {08},
    pages = {70-90},
    title = {Review of Contracts},
    volume = {2340},
    journal = {Modern Law Methods}
}
